<record><leader>00000cas a22000007a 4500</leader><controlfield tag="001">13956391</controlfield><controlfield tag="008">860726d18811885nvudn ne      0    0eng d</controlfield><datafield ind1=" " ind2=" " tag="010"><subfield code="a">sn 86076318 </subfield></datafield><datafield ind1=" " ind2=" " tag="040"><subfield code="a">NNX</subfield><subfield code="b">eng</subfield><subfield code="c">NNX</subfield><subfield code="d">CNK</subfield><subfield code="d">CNW</subfield><subfield code="d">OCLCQ</subfield><subfield code="d">OCLCF</subfield><subfield code="d">OCLCO</subfield></datafield><datafield ind1="1" ind2=" " tag="029"><subfield code="a">AU@</subfield><subfield code="b">000025804785</subfield></datafield><datafield ind1=" " ind2=" " tag="042"><subfield code="a">msc</subfield></datafield><datafield ind1=" " ind2=" " tag="043"><subfield code="a">n-us-nv</subfield></datafield><datafield ind1="0" ind2="4" tag="245"><subfield code="a">The Eureka evening leader.</subfield></datafield><datafield ind1=" " ind2=" " tag="260"><subfield code="a">Eureka, Nev. :</subfield><subfield code="b">J.E. Anderson,</subfield><subfield code="c">1881-1885.</subfield></datafield><datafield ind1=" " ind2=" " tag="300"><subfield code="a">8 v. :</subfield><subfield code="b">ill.</subfield></datafield><datafield ind1=" " ind2=" " tag="310"><subfield code="a">Daily (except Sun.)</subfield></datafield><datafield ind1="0" ind2=" " tag="362"><subfield code="a">Vol. 7, no. 80 (Oct. 3, 1881)-v. 14, no. 126 (May 16, 1885).</subfield></datafield><datafield ind1=" " ind2=" " tag="500"><subfield code="a">Publisher: Sept. 2, 1882-Nov. 18, 1882, H. Muller; Nov. 20, 1882-Dec. 29, 1882, W.L. Marsden; Dec. 30, 1882-June 5, 1883, L. Molinelli; June 6, 1883-Oct. 17, 1883, S.M. Stenhouse; Oct. 18, 1883-Dec. 29, 1884, W.J. Penrose; Dec. 31, 1884-May 16, 1885, O.H. Grey.</subfield></datafield><datafield ind1=" " ind2=" " tag="580"><subfield code="a">Also issued as a weekly with the title: Eureka weekly leader (nonextant).</subfield></datafield><datafield ind1=" " ind2="0" tag="651"><subfield code="a">Eureka (Nev.)</subfield><subfield code="v">Newspapers.</subfield></datafield><datafield ind1=" " ind2="7" tag="655"><subfield code="a">Newspapers.</subfield><subfield code="2">fast</subfield><subfield code="0">(OCoLC)fst01423814</subfield></datafield><datafield ind1=" " ind2="7" tag="651"><subfield code="a">Nevada</subfield><subfield code="z">Eureka.</subfield><subfield code="2">fast</subfield><subfield code="0">(OCoLC)fst01236843</subfield></datafield><datafield ind1=" " ind2=" " tag="752"><subfield code="a">United States</subfield><subfield code="b">Nevada</subfield><subfield code="c">Eureka</subfield><subfield code="d">Eureka.</subfield></datafield><datafield ind1="1" ind2=" " tag="775"><subfield code="t">Eureka weekly leader</subfield></datafield><datafield ind1="0" ind2="0" tag="780"><subfield code="t">Eureka daily leader</subfield><subfield code="w">(DLC)sn 86076317</subfield><subfield code="w">(OCoLC)13956372</subfield></datafield></record>